<?xml version="1.0" encoding="UTF-8"?><collection xmlns="http://www.loc.gov/MARC21/slim"><record><leader>00538nam--2200169-i-4500</leader><controlfield tag="001">000043120</controlfield><controlfield tag="002">20161230</controlfield><controlfield tag="005">20161230201043</controlfield><controlfield tag="008">060222s1000------------r-----000-0-eng-d</controlfield><datafield ind1=" " ind2=" " tag="040"><subfield code="a">IFIN-HH</subfield></datafield><datafield ind1=" " ind2=" " tag="080"><subfield code="a">531.19:539.955</subfield></datafield><datafield ind1="1" ind2=" " tag="110"><subfield code="a">Academy Of Scinces</subfield></datafield><datafield ind1="1" ind2="0" tag="245"><subfield code="a">Summer school on critical phenomena and phase transitions in magnetics. cetniewo, august 31-september 11, 1973</subfield></datafield><datafield ind1=" " ind2=" " tag="260"><subfield code="a">Warszawa</subfield><subfield code="b">Polish Academy Of Sciences; Institute Of Physics</subfield><subfield code="c">1976</subfield></datafield><datafield ind1=" " ind2=" " tag="300"><subfield code="a">205 P</subfield></datafield><datafield ind1=" " ind2=" " tag="852"><subfield code="a">45876</subfield><subfield code="c">537:538</subfield></datafield><datafield ind1=" " ind2=" " tag="CAT"><subfield code="a">Sys</subfield><subfield code="c">20110622</subfield><subfield code="h">121406</subfield></datafield></record></collection>